@misc{gpt3,
      title={Language Models are Few-Shot Learners},
      author={Tom B. Brown and Benjamin Mann and Nick Ryder and Melanie Subbiah and Jared Kaplan and Prafulla Dhariwal and Arvind Neelakantan and Pranav Shyam and Girish Sastry and Amanda Askell and Sandhini Agarwal and Ariel Herbert-Voss and Gretchen Krueger and Tom Henighan and Rewon Child and Aditya Ramesh and Daniel M. Ziegler and Jeffrey Wu and Clemens Winter and Christopher Hesse and Mark Chen and Eric Sigler and Mateusz Litwin and Scott Gray and Benjamin Chess and Jack Clark and Christopher Berner and Sam McCandlish and Alec Radford and Ilya Sutskever and Dario Amodei},
      year={2020},
      eprint={2005.14165},
      archivePrefix={arXiv},
      primaryClass={cs.CL}
}

@misc{hallucinations_llm,
      title = {A Survey on Hallucination in Large Language Models: Principles, Taxonomy, Challenges, and Open Questions},
      author = {Lei Huang and Weijiang Yu and Weitao Ma and Weihong Zhong and Zhangyin Feng and Haotian Wang and Qianglong Chen and Weihua Peng and Xiaocheng Feng and Bing Qin and Ting Liu},
      year = {2023},
      eprint = {2311.05232},
      archivePrefix = {arXiv},
      primaryClass = {cs.CL}
}

@misc{rag_paper,
      title={Retrieval-Augmented Generation for Knowledge-Intensive NLP Tasks},
      author={Patrick Lewis and Ethan Perez and Aleksandra Piktus and Fabio Petroni and Vladimir Karpukhin and Naman Goyal and Heinrich Küttler and Mike Lewis and Wen-tau Yih and Tim Rocktäschel and Sebastian Riedel and Douwe Kiela},
      year={2021},
      eprint={2005.11401},
      archivePrefix={arXiv},
      primaryClass={cs.CL}
}

@misc{replug,
      title={REPLUG: Retrieval-Augmented Black-Box Language Models},
      author={Weijia Shi and Sewon Min and Michihiro Yasunaga and Minjoon Seo and Rich James and Mike Lewis and Luke Zettlemoyer and Wen-tau Yih},
      year={2023},
      eprint={2301.12652},
      archivePrefix={arXiv},
      primaryClass={cs.CL}
}

@misc{radit,
      title={RA-DIT: Retrieval-Augmented Dual Instruction Tuning},
      author={Xi Victoria Lin and Xilun Chen and Mingda Chen and Weijia Shi and Maria Lomeli and Rich James and Pedro Rodriguez and Jacob Kahn and Gergely Szilvasy and Mike Lewis and Luke Zettlemoyer and Scott Yih},
      year={2024},
      eprint={2310.01352},
      archivePrefix={arXiv},
      primaryClass={cs.CL}
}

@misc{rag_survey,
      title={Retrieval-Augmented Generation for Large Language Models: A Survey},
      author={Yunfan Gao and Yun Xiong and Xinyu Gao and Kangxiang Jia and Jinliu Pan and Yuxi Bi and Yi Dai and Jiawei Sun and Meng Wang and Haofen Wang},
      year={2024},
      eprint={2312.10997},
      archivePrefix={arXiv},
      primaryClass={cs.CL}
}

@misc{wikimedia,
  title = {Wikimedia Commons},
  howpublished = {\url{https://commons.wikimedia.org/wiki/Main_Page}},
}

@misc{baai,
  title = {BAAI - bge-large-en},
  author = {Beijing Academy of Artificial Intelligence},
  howpublished = {\url{https://huggingface.co/BAAI/bge-large-en}},
}

@article{faiss,
      title={The Faiss library},
      author={Matthijs Douze and Alexandr Guzhva and Chengqi Deng and Jeff Johnson and Gergely Szilvasy and Pierre-Emmanuel Mazaré and Maria Lomeli and Lucas Hosseini and Hervé Jégou},
      year={2024},
      eprint={2401.08281},
      archivePrefix={arXiv},
      primaryClass={cs.LG}
}

@misc{sqlite,
  title={{SQLite}},
  url={https://www.sqlite.org/index.html},
  version={3.31.1},
  year={2020},
  author={Hipp, Richard D}
}

@misc{qwen,
      title={Qwen Technical Report},
      author={Jinze Bai and Shuai Bai and Yunfei Chu and Zeyu Cui and Kai Dang and Xiaodong Deng and Yang Fan and Wenbin Ge and Yu Han and Fei Huang and Binyuan Hui and Luo Ji and Mei Li and Junyang Lin and Runji Lin and Dayiheng Liu and Gao Liu and Chengqiang Lu and Keming Lu and Jianxin Ma and Rui Men and Xingzhang Ren and Xuancheng Ren and Chuanqi Tan and Sinan Tan and Jianhong Tu and Peng Wang and Shijie Wang and Wei Wang and Shengguang Wu and Benfeng Xu and Jin Xu and An Yang and Hao Yang and Jian Yang and Shusheng Yang and Yang Yao and Bowen Yu and Hongyi Yuan and Zheng Yuan and Jianwei Zhang and Xingxuan Zhang and Yichang Zhang and Zhenru Zhang and Chang Zhou and Jingren Zhou and Xiaohuan Zhou and Tianhang Zhu},
      year={2023},
      eprint={2309.16609},
      archivePrefix={arXiv},
      primaryClass={cs.CL}
}

@misc{qlora,
      title={QLoRA: Efficient Finetuning of Quantized LLMs},
      author={Tim Dettmers and Artidoro Pagnoni and Ari Holtzman and Luke Zettlemoyer},
      year={2023},
      eprint={2305.14314},
      archivePrefix={arXiv},
      primaryClass={cs.LG}
}

@misc{mmlu,
      title={Measuring Massive Multitask Language Understanding},
      author={Dan Hendrycks and Collin Burns and Steven Basart and Andy Zou and Mantas Mazeika and Dawn Song and Jacob Steinhardt},
      year={2021},
      eprint={2009.03300},
      archivePrefix={arXiv},
      primaryClass={cs.CY}
}

@misc{yahoo_answers,
  title = {Yahoo Answers Dataset},
  howpublished = {\url{https://huggingface.co/datasets/yahoo_answers_qa}},
}

@misc{wikipedia_category_tree,
  title = {Wikipedia Category Tree},
  howpublished = {\url{https://www.kaggle.com/datasets/kevinlu1248/wikipedia-category-tree}},
}

@misc{qwen_hf,
  title = {Qwen model card},
  howpublished = {\url{https://huggingface.co/Qwen/Qwen1.5-0.5B-Chat}},
}

@misc{mmlu_hf,
  title = {MMLU dataset card},
  howpublished = {\url{https://huggingface.co/datasets/cais/mmlu}},
}

@misc{lora,
      title={LoRA: Low-Rank Adaptation of Large Language Models}, 
      author={Edward J. Hu and Yelong Shen and Phillip Wallis and Zeyuan Allen-Zhu and Yuanzhi Li and Shean Wang and Lu Wang and Weizhu Chen},
      year={2021},
      eprint={2106.09685},
      archivePrefix={arXiv},
      primaryClass={cs.CL}
}